<record><leader>00000cas a2200000 a 4500</leader><controlfield tag="001">6497291</controlfield><controlfield tag="008">800708d18271865vtuwr ne      0   a0eng c</controlfield><datafield ind1=" " ind2=" " tag="010"><subfield code="a">sn 84023127 </subfield></datafield><datafield ind1=" " ind2=" " tag="040"><subfield code="a">VTU</subfield><subfield code="b">eng</subfield><subfield code="c">VTU</subfield><subfield code="d">NPX</subfield><subfield code="d">NPU</subfield><subfield code="d">DLC</subfield><subfield code="d">RHN</subfield><subfield code="d">CNK</subfield><subfield code="d">MGN</subfield><subfield code="d">CNK</subfield><subfield code="d">DLC</subfield><subfield code="d">NVN</subfield><subfield code="d">DLC</subfield><subfield code="d">OCL</subfield><subfield code="d">NVF</subfield><subfield code="d">OCLCG</subfield><subfield code="d">KRTAS</subfield><subfield code="d">NVN</subfield><subfield code="d">DLC</subfield><subfield code="d">OCLCQ</subfield><subfield code="d">OCLCF</subfield><subfield code="d">CRL</subfield></datafield><datafield ind1=" " ind2=" " tag="012"><subfield code="l">a</subfield></datafield><datafield ind1="0" ind2=" " tag="022"><subfield code="a">2166-2029</subfield><subfield code="2">1</subfield></datafield><datafield ind1=" " ind2=" " tag="042"><subfield code="a">pcc</subfield><subfield code="a">nsdp</subfield></datafield><datafield ind1=" " ind2=" " tag="043"><subfield code="a">n-us-vt</subfield></datafield><datafield ind1="0" ind2="0" tag="050"><subfield code="a">Newspaper</subfield></datafield><datafield ind1="1" ind2="0" tag="082"><subfield code="a">071</subfield><subfield code="2">14</subfield></datafield><datafield ind1="0" ind2=" " tag="130"><subfield code="a">Burlington free press (Burlington, Vt. : 1827)</subfield></datafield><datafield ind1=" " ind2="0" tag="222"><subfield code="a">Burlington free press (Burlington, Vt. 1827)</subfield></datafield><datafield ind1="1" ind2="0" tag="245"><subfield code="a">Burlington free press.</subfield></datafield><datafield ind1="1" ind2="3" tag="246"><subfield code="a">Weekly free press</subfield></datafield><datafield ind1=" " ind2=" " tag="260"><subfield code="a">Burlington, Vt. :</subfield><subfield code="b">L. Foote,</subfield><subfield code="c">1827-1865.</subfield></datafield><datafield ind1=" " ind2=" " tag="300"><subfield code="a">v.</subfield></datafield><datafield ind1=" " ind2=" " tag="310"><subfield code="a">Weekly</subfield></datafield><datafield ind1="0" ind2=" " tag="362"><subfield code="a">Vol. 1, no. 21 (June 15, 1827)-vol. 34, number 27 (Dec. 29, 1865) = new series, vol. 12.</subfield></datafield><datafield ind1=" " ind2=" " tag="500"><subfield code="a">Publishers: Foote &amp; Stacy, &lt;1828-1832&gt;; H.B. Stacy, &lt;1835-1846&gt;; D.W.C. Clarke, &lt;1850&gt;-1853; G.W. Benedict, 1853-&lt;1863&gt;; G.W. &amp; G.G. Benedict, 1854-&lt;1863&gt;.</subfield></datafield><datafield ind1=" " ind2=" " tag="500"><subfield code="a">Republican. Cf. Rowell, 1869-1876.</subfield></datafield><datafield ind1=" " ind2=" " tag="500"><subfield code="a">Editors: Luman Foote, 1827-&lt;1832&gt;; D.W.C. Clarke, &lt;1850&gt;-1853; G.W. Benedict, 1853-&lt;1863&gt;; G.G. Benedict, 1854-&lt;1863&gt;.</subfield></datafield><datafield ind1=" " ind2=" " tag="515"><subfield code="a">Issues for &lt;July 6, 1827-&gt; called: &lt;volume 1, number 4-&gt;</subfield></datafield><datafield ind1=" " ind2=" " tag="530"><subfield code="a">Archived issues are available in digital format as part of the Library of Congress Chronicling America online collection.</subfield></datafield><datafield ind1=" " ind2=" " tag="580"><subfield code="a">Daily eds.: Daily free press (Burlington, Vt.), Apr. 1, 1848-July 9, 1868, and: Burlington daily free press (Burlington, Vt. : 1868), July 10-Dec. 31, 1868.</subfield></datafield><datafield ind1=" " ind2=" " tag="580"><subfield code="a">Other weekly eds.: Times (Burlington, Vt. : 1858), 1858-1861, and: Burlington times (Burlington, Vt. : 1861), 1861-1865.</subfield></datafield><datafield ind1=" " ind2="0" tag="651"><subfield code="a">Burlington (Vt.)</subfield><subfield code="v">Newspapers.</subfield></datafield><datafield ind1=" " ind2="7" tag="651"><subfield code="a">Vermont</subfield><subfield code="z">Burlington.</subfield><subfield code="2">fast</subfield><subfield code="0">(OCoLC)fst01207603</subfield></datafield><datafield ind1=" " ind2="7" tag="655"><subfield code="a">Newspapers.</subfield><subfield code="2">fast</subfield><subfield code="0">(OCoLC)fst01423814</subfield></datafield><datafield ind1="1" ind2=" " tag="700"><subfield code="a">Foote, Luman,</subfield><subfield code="d">1794-1876.</subfield></datafield><datafield ind1="1" ind2=" " tag="700"><subfield code="a">Clarke, D. W. C.</subfield><subfield code="q">(De Witt Clinton),</subfield><subfield code="d">1812-1870.</subfield></datafield><datafield ind1="1" ind2=" " tag="700"><subfield code="a">Benedict, George Wyllys,</subfield><subfield code="d">1796-1871.</subfield></datafield><datafield ind1="1" ind2=" " tag="700"><subfield code="a">Benedict, G. G.</subfield><subfield code="q">(George Grenville),</subfield><subfield code="d">1826-1907.</subfield></datafield><datafield ind1=" " ind2=" " tag="752"><subfield code="a">United States</subfield><subfield code="b">Vermont</subfield><subfield code="c">Chittenden</subfield><subfield code="d">Burlington.</subfield></datafield><datafield ind1="1" ind2=" " tag="775"><subfield code="t">Daily free press (Burlington, Vt.)</subfield><subfield code="w">(DLC)sn 83025692</subfield><subfield code="w">(OCoLC)9743578</subfield></datafield><datafield ind1="1" ind2=" " tag="775"><subfield code="t">Burlington daily free press (Burlington, Vt. : 1868)</subfield><subfield code="w">(DLC)sn 95062385</subfield><subfield code="w">(OCoLC)33341929</subfield></datafield><datafield ind1="1" ind2=" " tag="775"><subfield code="t">Times (Burlington, Vt. : 1858)</subfield><subfield code="w">(DLC)sn 86071619</subfield><subfield code="w">(OCoLC)13745394</subfield></datafield><datafield ind1="1" ind2=" " tag="775"><subfield code="t">Burlington times (Burlington, Vt. : 1861)</subfield><subfield code="w">(DLC)sn 86071618</subfield><subfield code="w">(OCoLC)13745366</subfield></datafield><datafield ind1="0" ind2="0" tag="785"><subfield code="t">Burlington weekly free press</subfield><subfield code="x">2166-2037</subfield><subfield code="w">(DLC)sn 86072143</subfield><subfield code="w">(OCoLC)14907707</subfield></datafield><datafield ind1="4" ind2="1" tag="856"><subfield code="u">http://chroniclingamerica.loc.gov/lccn/sn84023127/issues</subfield></datafield><datafield ind1=" " ind2=" " tag="938"><subfield code="a">Kirtas Technologies, Inc.</subfield><subfield code="b">KRTS</subfield><subfield code="n">735845</subfield></datafield><datafield ind1="1" ind2=" " tag="029"><subfield code="a">AU@</subfield><subfield code="b">000003750955</subfield></datafield></record>